%YAML 1.1
%TAG !u! tag:unity3d.com,2011:
--- !u!1001 &100100000
Prefab:
  m_ObjectHideFlags: 1
  serializedVersion: 2
  m_Modification:
    m_TransformParent: {fileID: 0}
    m_Modifications: []
    m_RemovedComponents: []
  m_ParentPrefab: {fileID: 0}
  m_RootGameObject: {fileID: 1734522599648486}
  m_IsPrefabParent: 1
--- !u!1 &1734522599648486
GameObject:
  m_ObjectHideFlags: 0
  m_PrefabParentObject: {fileID: 0}
  m_PrefabInternal: {fileID: 100100000}
  serializedVersion: 5
  m_Component:
  - component: {fileID: 4767205504719626}
  - component: {fileID: 212823003162473632}
  - component: {fileID: 95872131480367100}
  - component: {fileID: 114668161494026464}
  - component: {fileID: 50989964523543022}
  - component: {fileID: 61471867582593420}
  - component: {fileID: 114982422406967322}
  m_Layer: 0
  m_Name: enemy
  m_TagString: Untagged
  m_Icon: {fileID: 0}
  m_NavMeshLayer: 0
  m_StaticEditorFlags: 0
  m_IsActive: 0
--- !u!4 &4767205504719626
Transform:
  m_ObjectHideFlags: 1
  m_PrefabParentObject: {fileID: 0}
  m_PrefabInternal: {fileID: 100100000}
  m_GameObject: {fileID: 1734522599648486}
  m_LocalRotation: {x: 0, y: 0, z: 0, w: 1}
  m_LocalPosition: {x: 64.2, y: 49.3, z: 0}
  m_LocalScale: {x: 5.562905, y: 6.829471, z: 1}
  m_Children: []
  m_Father: {fileID: 0}
  m_RootOrder: 0
  m_LocalEulerAnglesHint: {x: 0, y: 0, z: 0}
--- !u!50 &50989964523543022
Rigidbody2D:
  serializedVersion: 4
  m_ObjectHideFlags: 1
  m_PrefabParentObject: {fileID: 0}
  m_PrefabInternal: {fileID: 100100000}
  m_GameObject: {fileID: 1734522599648486}
  m_BodyType: 0
  m_Simulated: 1
  m_UseFullKinematicContacts: 0
  m_UseAutoMass: 0
  m_Mass: 5
  m_LinearDrag: 0
  m_AngularDrag: 0.05
  m_GravityScale: 0
  m_Material: {fileID: 0}
  m_Interpolate: 0
  m_SleepingMode: 1
  m_CollisionDetection: 0
  m_Constraints: 4
--- !u!61 &61471867582593420
BoxCollider2D:
  m_ObjectHideFlags: 1
  m_PrefabParentObject: {fileID: 0}
  m_PrefabInternal: {fileID: 100100000}
  m_GameObject: {fileID: 1734522599648486}
  m_Enabled: 1
  m_Density: 1
  m_Material: {fileID: 0}
  m_IsTrigger: 0
  m_UsedByEffector: 0
  m_Offset: {x: 0, y: 0}
  serializedVersion: 2
  m_Size: {x: 0.32, y: 0.58}
--- !u!95 &95872131480367100
Animator:
  serializedVersion: 3
  m_ObjectHideFlags: 1
  m_PrefabParentObject: {fileID: 0}
  m_PrefabInternal: {fileID: 100100000}
  m_GameObject: {fileID: 1734522599648486}
  m_Enabled: 0
  m_Avatar: {fileID: 0}
  m_Controller: {fileID: 9100000, guid: c66f7ec29d089a740be484d2996ede7c, type: 2}
  m_CullingMode: 0
  m_UpdateMode: 0
  m_ApplyRootMotion: 0
  m_LinearVelocityBlending: 0
  m_WarningMessage: 
  m_HasTransformHierarchy: 1
  m_AllowConstantClipSamplingOptimization: 1
--- !u!114 &114668161494026464
MonoBehaviour:
  m_ObjectHideFlags: 1
  m_PrefabParentObject: {fileID: 0}
  m_PrefabInternal: {fileID: 100100000}
  m_GameObject: {fileID: 1734522599648486}
  m_Enabled: 1
  m_EditorHideFlags: 0
  m_Script: {fileID: 11500000, guid: a174c18bc5e9b23429cdff606b490294, type: 3}
  m_Name: 
  m_EditorClassIdentifier: 
  enemy_health: 20
  slimez_speed: 1
  player: {fileID: 0}
  canmove: 0
  spinningcoin: {fileID: 0}
  damage: 0
--- !u!114 &114982422406967322
MonoBehaviour:
  m_ObjectHideFlags: 1
  m_PrefabParentObject: {fileID: 0}
  m_PrefabInternal: {fileID: 100100000}
  m_GameObject: {fileID: 1734522599648486}
  m_Enabled: 1
  m_EditorHideFlags: 0
  m_Script: {fileID: 11500000, guid: 82763fa923f51e44ebd29eb4eab0dc79, type: 3}
  m_Name: 
  m_EditorClassIdentifier: 
  enemys: {fileID: 1734522599648486}
  projectile: {fileID: 1898302336935846, guid: 08a880a87462dc74991e981e5212c182, type: 2}
  Player: {fileID: 0}
  spinningcoin: {fileID: 0}
  coinresult: 0
  coin: {fileID: 0}
  hit: {fileID: 0}
  anarchist: {fileID: 0}
  zombies: {fileID: 0}
  KillEnemySound: {fileID: 0}
--- !u!212 &212823003162473632
SpriteRenderer:
  m_ObjectHideFlags: 1
  m_PrefabParentObject: {fileID: 0}
  m_PrefabInternal: {fileID: 100100000}
  m_GameObject: {fileID: 1734522599648486}
  m_Enabled: 1
  m_CastShadows: 0
  m_ReceiveShadows: 0
  m_MotionVectors: 1
  m_LightProbeUsage: 0
  m_ReflectionProbeUsage: 0
  m_Materials:
  - {fileID: 10754, guid: 0000000000000000f000000000000000, type: 0}
  m_StaticBatchInfo:
    firstSubMesh: 0
    subMeshCount: 0
  m_StaticBatchRoot: {fileID: 0}
  m_ProbeAnchor: {fileID: 0}
  m_LightProbeVolumeOverride: {fileID: 0}
  m_ScaleInLightmap: 1
  m_PreserveUVs: 0
  m_IgnoreNormalsForChartDetection: 0
  m_ImportantGI: 0
  m_SelectedEditorRenderState: 0
  m_MinimumChartSize: 4
  m_AutoUVMaxDistance: 0.5
  m_AutoUVMaxAngle: 89
  m_LightmapParameters: {fileID: 0}
  m_SortingLayerID: 0
  m_SortingOrder: 2
  m_Sprite: {fileID: 21300000, guid: 136b2060e7c1f844481afc951ce62a4a, type: 3}
  m_Color: {r: 1, g: 1, b: 1, a: 1}
  m_FlipX: 0
  m_FlipY: 0
